@inproceedings{hudak2007history,
  title={A history of Haskell: being lazy with class},
  author={Hudak, Paul and Hughes, John and Peyton Jones, Simon and Wadler, Philip},
  booktitle={Proceedings of the third ACM SIGPLAN conference on History of programming languages},
  pages={12--1},
  year={2007}
}